@InProceedings{ataman,
  author    = {Ataman, Kaan and Street, W. Nick and Zhang, Yi},
  booktitle = {The 2006 IEEE International Joint Conference on Neural Network Proceedings},
  title     = {Learning to Rank by Maximizing AUC with Linear Programming},
  year      = {2006},
  pages     = {123-129},
  doi       = {10.1109/IJCNN.2006.246669},
}

@InBook{brefeld,
  author    = {Ulf Brefeld and Tobias Scheffer},
  title     = {AUC Maximizing Support Vector Learning},
  year      = {2005},
  booktitle = {ROC Analysis in Machine Learning},
}

@Book{hastie,
  author    = {Hastie, Trevor and Tibshirani, Robert and Friedman, Jerome},
  publisher = {Springer},
  title     = {The elements of statistical learning: data mining, inference and prediction},
  year      = {2009},
  edition   = {2},
  added-at  = {2010-06-03T15:15:09.000+0200},
  biburl    = {https://www.bibsonomy.org/bibtex/200d858c0bd2826d4eb5f39450192d1f5/ukoethe},
  file      = {:Books\\HastieTibshiraniFriedman-09-Elements-of-Statistical-Learning-2nd-edition\\hastie_09_elements-of.statistical-learning.pdf:PDF},
  interhash = {52d1772f39be836e3b298d37b8c0cfa1},
  intrahash = {00d858c0bd2826d4eb5f39450192d1f5},
  keywords  = {inference mathmatics dataanalysis method clutering statistics},
  timestamp = {2010-06-03T15:15:09.000+0200},
  url       = {http://www-stat.stanford.edu/~tibs/ElemStatLearn/},
}

@Article{fawcett,
  author  = {Fawcett, Tom},
  journal = {Machine Learning},
  title   = {ROC Graphs: Notes and Practical Considerations for Researchers},
  year    = {2004},
  month   = {01},
  pages   = {1-38},
  volume  = {31},
}

@Comment{jabref-meta: databaseType:bibtex;}
